@unpublished{IBRAHIM2024,
  title={Linking armed conflicts and children undernutrition in Nigeria: the mitigating effects of maternal bargaining power},
  author={IBRAHIM KASSOUM Habibou},
  year={2024},
  note = {unpublished}
}