@article{Linking1,
  title = {Linking armed conflicts and children undernutrition in Nigeria: the mitigating effects of maternal bargaining power},
  author={IBRAHIM KASSOUM Habibou},
  journal = {},
  year    = 2025,
  volume  = 1,
  number  = 1
}
